
@book{APSA2018,
  title = {Style Manual for Political Science},
  edition = {Revised 2018},
  author = {{American~Political~Science~Association}},
  year = {2018},
  publisher = {American Political Science Association},
  isbn = {978-1-87147-62-2},
  url = {www.apsanet.org/stylemanual},
}

@book{RMarkdownCookbook,
  title = {R Markdown Cookbook},
  edition = {1st},
  author = {Xie, Yihui and Dervieux, Christophe and Rierderer, Emily},
  year = {2021},
  publisher = {Chapman \& Hall},
  isbn = {978-0367563837},
  url = {https://bookdown.org/yihui/rmarkdown-cookbook/}
}